<?xml version="1.0" encoding="UTF-8"?><record xmlns="http://www.loc.gov/MARC21/slim" xmlns:cinclude="http://apache.org/cocoon/include/1.0" xmlns:zs="http://www.loc.gov/zing/srw/">
  <leader>00440cz  a2200145n  4500</leader>
  <controlfield tag="001">n  94026057 </controlfield>
  <controlfield tag="003">DLC</controlfield>
  <controlfield tag="005">20020209071248.0</controlfield>
  <controlfield tag="008">940317n| acannaabn          |n aaa      </controlfield>
  <datafield tag="010" ind1=" " ind2=" ">
    <subfield code="a">n  94026057 </subfield>
  </datafield>
  <datafield tag="035" ind1=" " ind2=" ">
    <subfield code="a">(OCoLC)oca03568157</subfield>
  </datafield>
  <datafield tag="040" ind1=" " ind2=" ">
    <subfield code="a">DLC</subfield>
    <subfield code="b">eng</subfield>
    <subfield code="c">DLC</subfield>
    <subfield code="d">DLC</subfield>
    <subfield code="d">OCoLC</subfield>
  </datafield>
  <datafield tag="053" ind1=" " ind2="0">
    <subfield code="a">PQ2667.U66</subfield>
  </datafield>
  <datafield tag="100" ind1="1" ind2=" ">
    <subfield code="a">Gunzig, Thomas,</subfield>
    <subfield code="d">1970-</subfield>
  </datafield>
  <datafield tag="670" ind1=" " ind2=" ">
    <subfield code="a">Situation instable penchant vers le mois d'aouĚt, 1993:</subfield>
    <subfield code="b">t.p. (Thomas Gunzig) p. 4 of cover (b. 1970)</subfield>
  </datafield>
</record>